<?xml version="1.0" encoding="UTF-8"?><record xmlns="http://www.loc.gov/MARC21/slim" xmlns:cinclude="http://apache.org/cocoon/include/1.0" xmlns:zs="http://www.loc.gov/zing/srw/">
  <leader>01297cz  a2200229n  4500</leader>
  <controlfield tag="001">nr2001049778</controlfield>
  <controlfield tag="003">DLC</controlfield>
  <controlfield tag="005">20130320095351.0</controlfield>
  <controlfield tag="008">011130n| azannaabn          |a aaa     c</controlfield>
  <datafield tag="010" ind1=" " ind2=" ">
    <subfield code="a">nr2001049778</subfield>
  </datafield>
  <datafield tag="035" ind1=" " ind2=" ">
    <subfield code="a">(Uk)005770670</subfield>
  </datafield>
  <datafield tag="040" ind1=" " ind2=" ">
    <subfield code="a">NN-RH</subfield>
    <subfield code="b">eng</subfield>
    <subfield code="e">rda</subfield>
    <subfield code="c">NN-RH</subfield>
    <subfield code="d">Uk</subfield>
    <subfield code="d">DLC</subfield>
  </datafield>
  <datafield tag="100" ind1="1" ind2=" ">
    <subfield code="a">Gabrieli, Giovanni,</subfield>
    <subfield code="d">approximately 1554-1612.</subfield>
    <subfield code="t">Exultet jam angelica turba,</subfield>
    <subfield code="m">voices (14)</subfield>
  </datafield>
  <datafield tag="382" ind1=" " ind2=" ">
    <subfield code="a">voices (14)</subfield>
  </datafield>
  <datafield tag="400" ind1="1" ind2=" ">
    <subfield code="a">Gabrieli, Giovanni,</subfield>
    <subfield code="d">approximately 1554-1612.</subfield>
    <subfield code="t">Exultat jam angelica turba,</subfield>
    <subfield code="m">voices (14)</subfield>
  </datafield>
  <datafield tag="400" ind1="1" ind2=" ">
    <subfield code="a">Gabrieli, Giovanni,</subfield>
    <subfield code="d">approximately 1554-1612.</subfield>
    <subfield code="t">Exultet iam angelica turba,</subfield>
    <subfield code="m">voices (14)</subfield>
  </datafield>
  <datafield tag="400" ind1="1" ind2=" ">
    <subfield code="w">nnea</subfield>
    <subfield code="a">Gabrieli, Giovanni,</subfield>
    <subfield code="d">ca. 1554-1612.</subfield>
    <subfield code="t">Exultet jam angelica turba,</subfield>
    <subfield code="m">voices (14)</subfield>
  </datafield>
  <datafield tag="670" ind1=" " ind2=" ">
    <subfield code="a">Music from Venice [SR] p1977:</subfield>
    <subfield code="b">label (Exultat jam angelica / G. Gabrieli)</subfield>
  </datafield>
  <datafield tag="670" ind1=" " ind2=" ">
    <subfield code="a">New Grove, 2nd ed. www site, Nov. 30, 2001</subfield>
    <subfield code="b">(Exultet iam angelica turba, 14vv; another setting for 17 vv)</subfield>
  </datafield>
  <datafield tag="670" ind1=" " ind2=" ">
    <subfield code="a">MBMSR, 1973-77</subfield>
    <subfield code="b">(hdg.: Exultat jam angelica)</subfield>
  </datafield>
  <datafield tag="670" ind1=" " ind2=" ">
    <subfield code="a">Charteris, R. Giovanni Gabrieli, a thematic catalog, c1996:</subfield>
    <subfield code="b">p. 197 (130. Exultet jam angelica turba (a 14); another setting for 17 voices on p. 198)</subfield>
  </datafield>
  <datafield tag="670" ind1=" " ind2=" ">
    <subfield code="a">Gabrieli, G. Opera omnia, c1991:</subfield>
    <subfield code="b">v. 7, p. 151 (No. 9. Exultet jam angelica turba (C130), for 14 voices; another setting for 17 voices on p. 183)</subfield>
  </datafield>
</record>